@book{Goodfellow-et-al-2016,
    title={Deep Learning},
    author={Ian Goodfellow and Yoshua Bengio and Aaron Courville},
    publisher={MIT Press},
    note={\url{http://www.deeplearningbook.org}},
    year={2016}
}

@inproceedings{nair2010rectified,
  title={Rectified Linear Units Improve Restricted Boltzmann Machines},
  author={Nair, Vinod and Hinton, Geoffrey E},
  booktitle={Proceedings of the 27th International Conference on Machine Learning (ICML)},
  pages={807--814},
  note={\url{http://www.cs.toronto.edu/~hinton/absps/reluICML.pdf}},
  year={2010}
}

@article{lecun1998gradient,
  title={Gradient-Based Learning Applied to Document Recognition},
  author={LeCun, Yann and Bottou, L{\'e}on and Bengio, Yoshua and Haffner, Patrick},
  journal={Proceedings of the IEEE},
  volume={86},
  number={11},
  pages={2278--2324},
  year={1998},
  publisher={IEEE},
  note={\url{https://ieeexplore.ieee.org/document/726791}}
}

@article{xiao2017fashion,
  title={Fashion-MNIST: a Novel Image Dataset for Benchmarking Machine Learning Algorithms},
  author={Xiao, Han and Rasul, Kashif and Vollgraf, Roland},
  journal={arXiv preprint arXiv:1708.07747},
  year={2017},
  note={\url{https://arxiv.org/abs/1708.07747}}
}

@inproceedings{he2016deep,
  title={Deep Residual Learning for Image Recognition},
  author={He, Kaiming and Zhang, Xiangyu and Ren, Shaoqing and Sun, Jian},
  booktitle={Proceedings of the IEEE Conference on Computer Vision and Pattern Recognition (CVPR)},
  pages={770--778},
  year={2016},
  note={\url{https://openaccess.thecvf.com/content_cvpr_2016/html/He_Deep_Residual_Learning_CVPR_2016_paper.html}}

}

@article{kingma2015adam,
  title={Adam: A Method for Stochastic Optimization},
  author={Kingma, Diederik P and Ba, Jimmy Lei},
  journal={International Conference on Learning Representations (ICLR)},
  year={2015},
  note={\url{https://arxiv.org/abs/1412.6980}}
}

@book{hennessy2017computer,
  title={Computer Architecture: A Quantitative Approach},
  author={Hennessy, John L and Patterson, David A},
  year={2017},
  publisher={Morgan Kaufmann}
}